@misc{xlike,
  howpublished = {\url{http://www.xlike.org/}}
}
